%YAML 1.1
%TAG !u! tag:unity3d.com,2011:
--- !u!1 &7815938414842976812
GameObject:
  m_ObjectHideFlags: 0
  m_CorrespondingSourceObject: {fileID: 0}
  m_PrefabInstance: {fileID: 0}
  m_PrefabAsset: {fileID: 0}
  serializedVersion: 6
  m_Component:
  - component: {fileID: 7815938414842976815}
  m_Layer: 0
  m_Name: Buildings
  m_TagString: Untagged
  m_Icon: {fileID: 0}
  m_NavMeshLayer: 0
  m_StaticEditorFlags: 0
  m_IsActive: 1
--- !u!4 &7815938414842976815
Transform:
  m_ObjectHideFlags: 0
  m_CorrespondingSourceObject: {fileID: 0}
  m_PrefabInstance: {fileID: 0}
  m_PrefabAsset: {fileID: 0}
  m_GameObject: {fileID: 7815938414842976812}
  m_LocalRotation: {x: 0, y: 0, z: 0, w: 1}
  m_LocalPosition: {x: 0, y: 0, z: 0}
  m_LocalScale: {x: 1, y: 1, z: 1}
  m_Children:
  - {fileID: 7380218671316652528}
  - {fileID: 8710652055537570001}
  - {fileID: 8710652056588603603}
  - {fileID: 8710652056479686831}
  m_Father: {fileID: 0}
  m_RootOrder: 0
  m_LocalEulerAnglesHint: {x: 0, y: 0, z: 0}
--- !u!1001 &7815938413607330214
PrefabInstance:
  m_ObjectHideFlags: 0
  serializedVersion: 2
  m_Modification:
    m_TransformParent: {fileID: 7815938414842976815}
    m_Modifications:
    - target: {fileID: 1483295573664788855, guid: ff59f6b0a88ed224c8db2649ef9ab75a, type: 3}
      propertyPath: m_RootOrder
      value: 1
      objectReference: {fileID: 0}
    - target: {fileID: 1483295573664788855, guid: ff59f6b0a88ed224c8db2649ef9ab75a, type: 3}
      propertyPath: m_LocalScale.x
      value: 0.2742561
      objectReference: {fileID: 0}
    - target: {fileID: 1483295573664788855, guid: ff59f6b0a88ed224c8db2649ef9ab75a, type: 3}
      propertyPath: m_LocalScale.y
      value: 0.2742561
      objectReference: {fileID: 0}
    - target: {fileID: 1483295573664788855, guid: ff59f6b0a88ed224c8db2649ef9ab75a, type: 3}
      propertyPath: m_LocalScale.z
      value: 0.2742561
      objectReference: {fileID: 0}
    - target: {fileID: 1483295573664788855, guid: ff59f6b0a88ed224c8db2649ef9ab75a, type: 3}
      propertyPath: m_LocalPosition.x
      value: -2.27
      objectReference: {fileID: 0}
    - target: {fileID: 1483295573664788855, guid: ff59f6b0a88ed224c8db2649ef9ab75a, type: 3}
      propertyPath: m_LocalPosition.y
      value: -3.5599997
      objectReference: {fileID: 0}
    - target: {fileID: 1483295573664788855, guid: ff59f6b0a88ed224c8db2649ef9ab75a, type: 3}
      propertyPath: m_LocalPosition.z
      value: 0
      objectReference: {fileID: 0}
    - target: {fileID: 1483295573664788855, guid: ff59f6b0a88ed224c8db2649ef9ab75a, type: 3}
      propertyPath: m_LocalRotation.w
      value: 1
      objectReference: {fileID: 0}
    - target: {fileID: 1483295573664788855, guid: ff59f6b0a88ed224c8db2649ef9ab75a, type: 3}
      propertyPath: m_LocalRotation.x
      value: -0
      objectReference: {fileID: 0}
    - target: {fileID: 1483295573664788855, guid: ff59f6b0a88ed224c8db2649ef9ab75a, type: 3}
      propertyPath: m_LocalRotation.y
      value: -0
      objectReference: {fileID: 0}
    - target: {fileID: 1483295573664788855, guid: ff59f6b0a88ed224c8db2649ef9ab75a, type: 3}
      propertyPath: m_LocalRotation.z
      value: -0
      objectReference: {fileID: 0}
    - target: {fileID: 1483295573664788855, guid: ff59f6b0a88ed224c8db2649ef9ab75a, type: 3}
      propertyPath: m_LocalEulerAnglesHint.x
      value: 0
      objectReference: {fileID: 0}
    - target: {fileID: 1483295573664788855, guid: ff59f6b0a88ed224c8db2649ef9ab75a, type: 3}
      propertyPath: m_LocalEulerAnglesHint.y
      value: 0
      objectReference: {fileID: 0}
    - target: {fileID: 1483295573664788855, guid: ff59f6b0a88ed224c8db2649ef9ab75a, type: 3}
      propertyPath: m_LocalEulerAnglesHint.z
      value: 0
      objectReference: {fileID: 0}
    - target: {fileID: 7166260070455157371, guid: ff59f6b0a88ed224c8db2649ef9ab75a, type: 3}
      propertyPath: m_RootOrder
      value: 1
      objectReference: {fileID: 0}
    - target: {fileID: 7709722134026124120, guid: ff59f6b0a88ed224c8db2649ef9ab75a, type: 3}
      propertyPath: m_Name
      value: Building2
      objectReference: {fileID: 0}
    m_RemovedComponents: []
  m_SourcePrefab: {fileID: 100100000, guid: ff59f6b0a88ed224c8db2649ef9ab75a, type: 3}
--- !u!4 &8710652055537570001 stripped
Transform:
  m_CorrespondingSourceObject: {fileID: 1483295573664788855, guid: ff59f6b0a88ed224c8db2649ef9ab75a, type: 3}
  m_PrefabInstance: {fileID: 7815938413607330214}
  m_PrefabAsset: {fileID: 0}
--- !u!1001 &7815938414545310168
PrefabInstance:
  m_ObjectHideFlags: 0
  serializedVersion: 2
  m_Modification:
    m_TransformParent: {fileID: 7815938414842976815}
    m_Modifications:
    - target: {fileID: 1483295573664788855, guid: ff59f6b0a88ed224c8db2649ef9ab75a, type: 3}
      propertyPath: m_RootOrder
      value: 3
      objectReference: {fileID: 0}
    - target: {fileID: 1483295573664788855, guid: ff59f6b0a88ed224c8db2649ef9ab75a, type: 3}
      propertyPath: m_LocalScale.x
      value: 0.2742561
      objectReference: {fileID: 0}
    - target: {fileID: 1483295573664788855, guid: ff59f6b0a88ed224c8db2649ef9ab75a, type: 3}
      propertyPath: m_LocalScale.y
      value: 0.2742561
      objectReference: {fileID: 0}
    - target: {fileID: 1483295573664788855, guid: ff59f6b0a88ed224c8db2649ef9ab75a, type: 3}
      propertyPath: m_LocalScale.z
      value: 0.2742561
      objectReference: {fileID: 0}
    - target: {fileID: 1483295573664788855, guid: ff59f6b0a88ed224c8db2649ef9ab75a, type: 3}
      propertyPath: m_LocalPosition.x
      value: 6.8900003
      objectReference: {fileID: 0}
    - target: {fileID: 1483295573664788855, guid: ff59f6b0a88ed224c8db2649ef9ab75a, type: 3}
      propertyPath: m_LocalPosition.y
      value: -3.5599997
      objectReference: {fileID: 0}
    - target: {fileID: 1483295573664788855, guid: ff59f6b0a88ed224c8db2649ef9ab75a, type: 3}
      propertyPath: m_LocalPosition.z
      value: 0
      objectReference: {fileID: 0}
    - target: {fileID: 1483295573664788855, guid: ff59f6b0a88ed224c8db2649ef9ab75a, type: 3}
      propertyPath: m_LocalRotation.w
      value: 1
      objectReference: {fileID: 0}
    - target: {fileID: 1483295573664788855, guid: ff59f6b0a88ed224c8db2649ef9ab75a, type: 3}
      propertyPath: m_LocalRotation.x
      value: -0
      objectReference: {fileID: 0}
    - target: {fileID: 1483295573664788855, guid: ff59f6b0a88ed224c8db2649ef9ab75a, type: 3}
      propertyPath: m_LocalRotation.y
      value: -0
      objectReference: {fileID: 0}
    - target: {fileID: 1483295573664788855, guid: ff59f6b0a88ed224c8db2649ef9ab75a, type: 3}
      propertyPath: m_LocalRotation.z
      value: -0
      objectReference: {fileID: 0}
    - target: {fileID: 1483295573664788855, guid: ff59f6b0a88ed224c8db2649ef9ab75a, type: 3}
      propertyPath: m_LocalEulerAnglesHint.x
      value: 0
      objectReference: {fileID: 0}
    - target: {fileID: 1483295573664788855, guid: ff59f6b0a88ed224c8db2649ef9ab75a, type: 3}
      propertyPath: m_LocalEulerAnglesHint.y
      value: 0
      objectReference: {fileID: 0}
    - target: {fileID: 1483295573664788855, guid: ff59f6b0a88ed224c8db2649ef9ab75a, type: 3}
      propertyPath: m_LocalEulerAnglesHint.z
      value: 0
      objectReference: {fileID: 0}
    - target: {fileID: 7166260070455157371, guid: ff59f6b0a88ed224c8db2649ef9ab75a, type: 3}
      propertyPath: m_RootOrder
      value: 1
      objectReference: {fileID: 0}
    - target: {fileID: 7709722134026124120, guid: ff59f6b0a88ed224c8db2649ef9ab75a, type: 3}
      propertyPath: m_Name
      value: Building4
      objectReference: {fileID: 0}
    m_RemovedComponents: []
  m_SourcePrefab: {fileID: 100100000, guid: ff59f6b0a88ed224c8db2649ef9ab75a, type: 3}
--- !u!4 &8710652056479686831 stripped
Transform:
  m_CorrespondingSourceObject: {fileID: 1483295573664788855, guid: ff59f6b0a88ed224c8db2649ef9ab75a, type: 3}
  m_PrefabInstance: {fileID: 7815938414545310168}
  m_PrefabAsset: {fileID: 0}
--- !u!1001 &7815938414788714916
PrefabInstance:
  m_ObjectHideFlags: 0
  serializedVersion: 2
  m_Modification:
    m_TransformParent: {fileID: 7815938414842976815}
    m_Modifications:
    - target: {fileID: 1483295573664788855, guid: ff59f6b0a88ed224c8db2649ef9ab75a, type: 3}
      propertyPath: m_RootOrder
      value: 2
      objectReference: {fileID: 0}
    - target: {fileID: 1483295573664788855, guid: ff59f6b0a88ed224c8db2649ef9ab75a, type: 3}
      propertyPath: m_LocalScale.x
      value: 0.2742561
      objectReference: {fileID: 0}
    - target: {fileID: 1483295573664788855, guid: ff59f6b0a88ed224c8db2649ef9ab75a, type: 3}
      propertyPath: m_LocalScale.y
      value: 0.2742561
      objectReference: {fileID: 0}
    - target: {fileID: 1483295573664788855, guid: ff59f6b0a88ed224c8db2649ef9ab75a, type: 3}
      propertyPath: m_LocalScale.z
      value: 0.2742561
      objectReference: {fileID: 0}
    - target: {fileID: 1483295573664788855, guid: ff59f6b0a88ed224c8db2649ef9ab75a, type: 3}
      propertyPath: m_LocalPosition.x
      value: 2.26
      objectReference: {fileID: 0}
    - target: {fileID: 1483295573664788855, guid: ff59f6b0a88ed224c8db2649ef9ab75a, type: 3}
      propertyPath: m_LocalPosition.y
      value: -3.5599997
      objectReference: {fileID: 0}
    - target: {fileID: 1483295573664788855, guid: ff59f6b0a88ed224c8db2649ef9ab75a, type: 3}
      propertyPath: m_LocalPosition.z
      value: 0
      objectReference: {fileID: 0}
    - target: {fileID: 1483295573664788855, guid: ff59f6b0a88ed224c8db2649ef9ab75a, type: 3}
      propertyPath: m_LocalRotation.w
      value: 1
      objectReference: {fileID: 0}
    - target: {fileID: 1483295573664788855, guid: ff59f6b0a88ed224c8db2649ef9ab75a, type: 3}
      propertyPath: m_LocalRotation.x
      value: -0
      objectReference: {fileID: 0}
    - target: {fileID: 1483295573664788855, guid: ff59f6b0a88ed224c8db2649ef9ab75a, type: 3}
      propertyPath: m_LocalRotation.y
      value: -0
      objectReference: {fileID: 0}
    - target: {fileID: 1483295573664788855, guid: ff59f6b0a88ed224c8db2649ef9ab75a, type: 3}
      propertyPath: m_LocalRotation.z
      value: -0
      objectReference: {fileID: 0}
    - target: {fileID: 1483295573664788855, guid: ff59f6b0a88ed224c8db2649ef9ab75a, type: 3}
      propertyPath: m_LocalEulerAnglesHint.x
      value: 0
      objectReference: {fileID: 0}
    - target: {fileID: 1483295573664788855, guid: ff59f6b0a88ed224c8db2649ef9ab75a, type: 3}
      propertyPath: m_LocalEulerAnglesHint.y
      value: 0
      objectReference: {fileID: 0}
    - target: {fileID: 1483295573664788855, guid: ff59f6b0a88ed224c8db2649ef9ab75a, type: 3}
      propertyPath: m_LocalEulerAnglesHint.z
      value: 0
      objectReference: {fileID: 0}
    - target: {fileID: 7166260070455157371, guid: ff59f6b0a88ed224c8db2649ef9ab75a, type: 3}
      propertyPath: m_RootOrder
      value: 1
      objectReference: {fileID: 0}
    - target: {fileID: 7709722134026124120, guid: ff59f6b0a88ed224c8db2649ef9ab75a, type: 3}
      propertyPath: m_Name
      value: Building3
      objectReference: {fileID: 0}
    m_RemovedComponents: []
  m_SourcePrefab: {fileID: 100100000, guid: ff59f6b0a88ed224c8db2649ef9ab75a, type: 3}
--- !u!4 &8710652056588603603 stripped
Transform:
  m_CorrespondingSourceObject: {fileID: 1483295573664788855, guid: ff59f6b0a88ed224c8db2649ef9ab75a, type: 3}
  m_PrefabInstance: {fileID: 7815938414788714916}
  m_PrefabAsset: {fileID: 0}
--- !u!1001 &8286188666518904967
PrefabInstance:
  m_ObjectHideFlags: 0
  serializedVersion: 2
  m_Modification:
    m_TransformParent: {fileID: 7815938414842976815}
    m_Modifications:
    - target: {fileID: -7127816383142794346, guid: ff59f6b0a88ed224c8db2649ef9ab75a, type: 3}
      propertyPath: destroyedBuilding
      value: 
      objectReference: {fileID: 4632463638843413892, guid: 341da16e8ab42714a9079687d8057b6f, type: 3}
    - target: {fileID: 1483295573664788855, guid: ff59f6b0a88ed224c8db2649ef9ab75a, type: 3}
      propertyPath: m_RootOrder
      value: 0
      objectReference: {fileID: 0}
    - target: {fileID: 1483295573664788855, guid: ff59f6b0a88ed224c8db2649ef9ab75a, type: 3}
      propertyPath: m_LocalScale.x
      value: 0.2742561
      objectReference: {fileID: 0}
    - target: {fileID: 1483295573664788855, guid: ff59f6b0a88ed224c8db2649ef9ab75a, type: 3}
      propertyPath: m_LocalScale.y
      value: 0.2742561
      objectReference: {fileID: 0}
    - target: {fileID: 1483295573664788855, guid: ff59f6b0a88ed224c8db2649ef9ab75a, type: 3}
      propertyPath: m_LocalScale.z
      value: 0.2742561
      objectReference: {fileID: 0}
    - target: {fileID: 1483295573664788855, guid: ff59f6b0a88ed224c8db2649ef9ab75a, type: 3}
      propertyPath: m_LocalPosition.x
      value: -6.9700003
      objectReference: {fileID: 0}
    - target: {fileID: 1483295573664788855, guid: ff59f6b0a88ed224c8db2649ef9ab75a, type: 3}
      propertyPath: m_LocalPosition.y
      value: -3.56
      objectReference: {fileID: 0}
    - target: {fileID: 1483295573664788855, guid: ff59f6b0a88ed224c8db2649ef9ab75a, type: 3}
      propertyPath: m_LocalPosition.z
      value: 0
      objectReference: {fileID: 0}
    - target: {fileID: 1483295573664788855, guid: ff59f6b0a88ed224c8db2649ef9ab75a, type: 3}
      propertyPath: m_LocalRotation.w
      value: 1
      objectReference: {fileID: 0}
    - target: {fileID: 1483295573664788855, guid: ff59f6b0a88ed224c8db2649ef9ab75a, type: 3}
      propertyPath: m_LocalRotation.x
      value: -0
      objectReference: {fileID: 0}
    - target: {fileID: 1483295573664788855, guid: ff59f6b0a88ed224c8db2649ef9ab75a, type: 3}
      propertyPath: m_LocalRotation.y
      value: -0
      objectReference: {fileID: 0}
    - target: {fileID: 1483295573664788855, guid: ff59f6b0a88ed224c8db2649ef9ab75a, type: 3}
      propertyPath: m_LocalRotation.z
      value: -0
      objectReference: {fileID: 0}
    - target: {fileID: 1483295573664788855, guid: ff59f6b0a88ed224c8db2649ef9ab75a, type: 3}
      propertyPath: m_LocalEulerAnglesHint.x
      value: 0
      objectReference: {fileID: 0}
    - target: {fileID: 1483295573664788855, guid: ff59f6b0a88ed224c8db2649ef9ab75a, type: 3}
      propertyPath: m_LocalEulerAnglesHint.y
      value: 0
      objectReference: {fileID: 0}
    - target: {fileID: 1483295573664788855, guid: ff59f6b0a88ed224c8db2649ef9ab75a, type: 3}
      propertyPath: m_LocalEulerAnglesHint.z
      value: 0
      objectReference: {fileID: 0}
    - target: {fileID: 7166260070455157371, guid: ff59f6b0a88ed224c8db2649ef9ab75a, type: 3}
      propertyPath: m_RootOrder
      value: 1
      objectReference: {fileID: 0}
    - target: {fileID: 7709722134026124120, guid: ff59f6b0a88ed224c8db2649ef9ab75a, type: 3}
      propertyPath: m_Name
      value: Building1
      objectReference: {fileID: 0}
    m_RemovedComponents: []
  m_SourcePrefab: {fileID: 100100000, guid: ff59f6b0a88ed224c8db2649ef9ab75a, type: 3}
--- !u!4 &7380218671316652528 stripped
Transform:
  m_CorrespondingSourceObject: {fileID: 1483295573664788855, guid: ff59f6b0a88ed224c8db2649ef9ab75a, type: 3}
  m_PrefabInstance: {fileID: 8286188666518904967}
  m_PrefabAsset: {fileID: 0}
