%YAML 1.1
%TAG !u! tag:unity3d.com,2011:
--- !u!1 &586480414914128737
GameObject:
  m_ObjectHideFlags: 0
  m_CorrespondingSourceObject: {fileID: 0}
  m_PrefabInstance: {fileID: 0}
  m_PrefabAsset: {fileID: 0}
  serializedVersion: 6
  m_Component:
  - component: {fileID: 586480414914128736}
  m_Layer: 0
  m_Name: Cannons
  m_TagString: Untagged
  m_Icon: {fileID: 0}
  m_NavMeshLayer: 0
  m_StaticEditorFlags: 0
  m_IsActive: 1
--- !u!4 &586480414914128736
Transform:
  m_ObjectHideFlags: 0
  m_CorrespondingSourceObject: {fileID: 0}
  m_PrefabInstance: {fileID: 0}
  m_PrefabAsset: {fileID: 0}
  m_GameObject: {fileID: 586480414914128737}
  m_LocalRotation: {x: 0, y: 0, z: 0, w: 1}
  m_LocalPosition: {x: -2.20009, y: -3.83, z: 5.3788066}
  m_LocalScale: {x: 1, y: 1, z: 1}
  m_Children:
  - {fileID: 1199701806355902190}
  - {fileID: 769494637000877568}
  - {fileID: 2420733508772244949}
  m_Father: {fileID: 0}
  m_RootOrder: 0
  m_LocalEulerAnglesHint: {x: 0, y: 0, z: 0}
--- !u!1001 &418742471608434913
PrefabInstance:
  m_ObjectHideFlags: 0
  serializedVersion: 2
  m_Modification:
    m_TransformParent: {fileID: 586480414914128736}
    m_Modifications:
    - target: {fileID: 806709723326213046, guid: 0ae7f9c43da55f341a2e1e8d74af9b77, type: 3}
      propertyPath: m_LocalRotation.w
      value: 0.9602755
      objectReference: {fileID: 0}
    - target: {fileID: 806709723326213046, guid: 0ae7f9c43da55f341a2e1e8d74af9b77, type: 3}
      propertyPath: m_LocalRotation.z
      value: 0.27905393
      objectReference: {fileID: 0}
    - target: {fileID: 806709723326213046, guid: 0ae7f9c43da55f341a2e1e8d74af9b77, type: 3}
      propertyPath: m_LocalEulerAnglesHint.z
      value: 32.408
      objectReference: {fileID: 0}
    - target: {fileID: 959474969009103723, guid: 0ae7f9c43da55f341a2e1e8d74af9b77, type: 3}
      propertyPath: m_Name
      value: CannonRight
      objectReference: {fileID: 0}
    - target: {fileID: 2618702736926321972, guid: 0ae7f9c43da55f341a2e1e8d74af9b77, type: 3}
      propertyPath: m_RootOrder
      value: 2
      objectReference: {fileID: 0}
    - target: {fileID: 2618702736926321972, guid: 0ae7f9c43da55f341a2e1e8d74af9b77, type: 3}
      propertyPath: m_LocalScale.x
      value: 0.12619904
      objectReference: {fileID: 0}
    - target: {fileID: 2618702736926321972, guid: 0ae7f9c43da55f341a2e1e8d74af9b77, type: 3}
      propertyPath: m_LocalScale.y
      value: 0.12619904
      objectReference: {fileID: 0}
    - target: {fileID: 2618702736926321972, guid: 0ae7f9c43da55f341a2e1e8d74af9b77, type: 3}
      propertyPath: m_LocalScale.z
      value: 0.12619904
      objectReference: {fileID: 0}
    - target: {fileID: 2618702736926321972, guid: 0ae7f9c43da55f341a2e1e8d74af9b77, type: 3}
      propertyPath: m_LocalPosition.x
      value: 4.58
      objectReference: {fileID: 0}
    - target: {fileID: 2618702736926321972, guid: 0ae7f9c43da55f341a2e1e8d74af9b77, type: 3}
      propertyPath: m_LocalPosition.y
      value: -3.46
      objectReference: {fileID: 0}
    - target: {fileID: 2618702736926321972, guid: 0ae7f9c43da55f341a2e1e8d74af9b77, type: 3}
      propertyPath: m_LocalPosition.z
      value: 0
      objectReference: {fileID: 0}
    - target: {fileID: 2618702736926321972, guid: 0ae7f9c43da55f341a2e1e8d74af9b77, type: 3}
      propertyPath: m_LocalRotation.w
      value: 1
      objectReference: {fileID: 0}
    - target: {fileID: 2618702736926321972, guid: 0ae7f9c43da55f341a2e1e8d74af9b77, type: 3}
      propertyPath: m_LocalRotation.x
      value: -0
      objectReference: {fileID: 0}
    - target: {fileID: 2618702736926321972, guid: 0ae7f9c43da55f341a2e1e8d74af9b77, type: 3}
      propertyPath: m_LocalRotation.y
      value: -0
      objectReference: {fileID: 0}
    - target: {fileID: 2618702736926321972, guid: 0ae7f9c43da55f341a2e1e8d74af9b77, type: 3}
      propertyPath: m_LocalRotation.z
      value: -0
      objectReference: {fileID: 0}
    - target: {fileID: 2618702736926321972, guid: 0ae7f9c43da55f341a2e1e8d74af9b77, type: 3}
      propertyPath: m_LocalEulerAnglesHint.x
      value: 0
      objectReference: {fileID: 0}
    - target: {fileID: 2618702736926321972, guid: 0ae7f9c43da55f341a2e1e8d74af9b77, type: 3}
      propertyPath: m_LocalEulerAnglesHint.y
      value: 0
      objectReference: {fileID: 0}
    - target: {fileID: 2618702736926321972, guid: 0ae7f9c43da55f341a2e1e8d74af9b77, type: 3}
      propertyPath: m_LocalEulerAnglesHint.z
      value: 0
      objectReference: {fileID: 0}
    - target: {fileID: 6111204469960517906, guid: 0ae7f9c43da55f341a2e1e8d74af9b77, type: 3}
      propertyPath: m_LocalRotation.w
      value: 0.95655084
      objectReference: {fileID: 0}
    - target: {fileID: 6111204469960517906, guid: 0ae7f9c43da55f341a2e1e8d74af9b77, type: 3}
      propertyPath: m_LocalRotation.z
      value: 0.2915657
      objectReference: {fileID: 0}
    - target: {fileID: 6111204469960517906, guid: 0ae7f9c43da55f341a2e1e8d74af9b77, type: 3}
      propertyPath: m_LocalEulerAnglesHint.z
      value: 33.903
      objectReference: {fileID: 0}
    m_RemovedComponents: []
  m_SourcePrefab: {fileID: 100100000, guid: 0ae7f9c43da55f341a2e1e8d74af9b77, type: 3}
--- !u!4 &2420733508772244949 stripped
Transform:
  m_CorrespondingSourceObject: {fileID: 2618702736926321972, guid: 0ae7f9c43da55f341a2e1e8d74af9b77, type: 3}
  m_PrefabInstance: {fileID: 418742471608434913}
  m_PrefabAsset: {fileID: 0}
--- !u!1001 &3385100569161452340
PrefabInstance:
  m_ObjectHideFlags: 0
  serializedVersion: 2
  m_Modification:
    m_TransformParent: {fileID: 586480414914128736}
    m_Modifications:
    - target: {fileID: 959474969009103723, guid: 0ae7f9c43da55f341a2e1e8d74af9b77, type: 3}
      propertyPath: m_Name
      value: CannonMid (2)
      objectReference: {fileID: 0}
    - target: {fileID: 2618702736926321972, guid: 0ae7f9c43da55f341a2e1e8d74af9b77, type: 3}
      propertyPath: m_RootOrder
      value: 1
      objectReference: {fileID: 0}
    - target: {fileID: 2618702736926321972, guid: 0ae7f9c43da55f341a2e1e8d74af9b77, type: 3}
      propertyPath: m_LocalScale.x
      value: 0.12619904
      objectReference: {fileID: 0}
    - target: {fileID: 2618702736926321972, guid: 0ae7f9c43da55f341a2e1e8d74af9b77, type: 3}
      propertyPath: m_LocalScale.y
      value: 0.12619904
      objectReference: {fileID: 0}
    - target: {fileID: 2618702736926321972, guid: 0ae7f9c43da55f341a2e1e8d74af9b77, type: 3}
      propertyPath: m_LocalScale.z
      value: 0.12619904
      objectReference: {fileID: 0}
    - target: {fileID: 2618702736926321972, guid: 0ae7f9c43da55f341a2e1e8d74af9b77, type: 3}
      propertyPath: m_LocalPosition.x
      value: -0.06
      objectReference: {fileID: 0}
    - target: {fileID: 2618702736926321972, guid: 0ae7f9c43da55f341a2e1e8d74af9b77, type: 3}
      propertyPath: m_LocalPosition.y
      value: -3.46
      objectReference: {fileID: 0}
    - target: {fileID: 2618702736926321972, guid: 0ae7f9c43da55f341a2e1e8d74af9b77, type: 3}
      propertyPath: m_LocalPosition.z
      value: 0
      objectReference: {fileID: 0}
    - target: {fileID: 2618702736926321972, guid: 0ae7f9c43da55f341a2e1e8d74af9b77, type: 3}
      propertyPath: m_LocalRotation.w
      value: 1
      objectReference: {fileID: 0}
    - target: {fileID: 2618702736926321972, guid: 0ae7f9c43da55f341a2e1e8d74af9b77, type: 3}
      propertyPath: m_LocalRotation.x
      value: -0
      objectReference: {fileID: 0}
    - target: {fileID: 2618702736926321972, guid: 0ae7f9c43da55f341a2e1e8d74af9b77, type: 3}
      propertyPath: m_LocalRotation.y
      value: -0
      objectReference: {fileID: 0}
    - target: {fileID: 2618702736926321972, guid: 0ae7f9c43da55f341a2e1e8d74af9b77, type: 3}
      propertyPath: m_LocalRotation.z
      value: -0
      objectReference: {fileID: 0}
    - target: {fileID: 2618702736926321972, guid: 0ae7f9c43da55f341a2e1e8d74af9b77, type: 3}
      propertyPath: m_LocalEulerAnglesHint.x
      value: 0
      objectReference: {fileID: 0}
    - target: {fileID: 2618702736926321972, guid: 0ae7f9c43da55f341a2e1e8d74af9b77, type: 3}
      propertyPath: m_LocalEulerAnglesHint.y
      value: 0
      objectReference: {fileID: 0}
    - target: {fileID: 2618702736926321972, guid: 0ae7f9c43da55f341a2e1e8d74af9b77, type: 3}
      propertyPath: m_LocalEulerAnglesHint.z
      value: 0
      objectReference: {fileID: 0}
    m_RemovedComponents: []
  m_SourcePrefab: {fileID: 100100000, guid: 0ae7f9c43da55f341a2e1e8d74af9b77, type: 3}
--- !u!4 &769494637000877568 stripped
Transform:
  m_CorrespondingSourceObject: {fileID: 2618702736926321972, guid: 0ae7f9c43da55f341a2e1e8d74af9b77, type: 3}
  m_PrefabInstance: {fileID: 3385100569161452340}
  m_PrefabAsset: {fileID: 0}
--- !u!1001 &3815026261456765914
PrefabInstance:
  m_ObjectHideFlags: 0
  serializedVersion: 2
  m_Modification:
    m_TransformParent: {fileID: 586480414914128736}
    m_Modifications:
    - target: {fileID: 959474969009103723, guid: 0ae7f9c43da55f341a2e1e8d74af9b77, type: 3}
      propertyPath: m_Name
      value: CannonLeft
      objectReference: {fileID: 0}
    - target: {fileID: 2618702736926321972, guid: 0ae7f9c43da55f341a2e1e8d74af9b77, type: 3}
      propertyPath: m_RootOrder
      value: 0
      objectReference: {fileID: 0}
    - target: {fileID: 2618702736926321972, guid: 0ae7f9c43da55f341a2e1e8d74af9b77, type: 3}
      propertyPath: m_LocalScale.x
      value: 0.11231714
      objectReference: {fileID: 0}
    - target: {fileID: 2618702736926321972, guid: 0ae7f9c43da55f341a2e1e8d74af9b77, type: 3}
      propertyPath: m_LocalScale.y
      value: 0.11231714
      objectReference: {fileID: 0}
    - target: {fileID: 2618702736926321972, guid: 0ae7f9c43da55f341a2e1e8d74af9b77, type: 3}
      propertyPath: m_LocalScale.z
      value: 0.11231714
      objectReference: {fileID: 0}
    - target: {fileID: 2618702736926321972, guid: 0ae7f9c43da55f341a2e1e8d74af9b77, type: 3}
      propertyPath: m_LocalPosition.x
      value: -4.58
      objectReference: {fileID: 0}
    - target: {fileID: 2618702736926321972, guid: 0ae7f9c43da55f341a2e1e8d74af9b77, type: 3}
      propertyPath: m_LocalPosition.y
      value: -3.46
      objectReference: {fileID: 0}
    - target: {fileID: 2618702736926321972, guid: 0ae7f9c43da55f341a2e1e8d74af9b77, type: 3}
      propertyPath: m_LocalPosition.z
      value: 0
      objectReference: {fileID: 0}
    - target: {fileID: 2618702736926321972, guid: 0ae7f9c43da55f341a2e1e8d74af9b77, type: 3}
      propertyPath: m_LocalRotation.w
      value: 1
      objectReference: {fileID: 0}
    - target: {fileID: 2618702736926321972, guid: 0ae7f9c43da55f341a2e1e8d74af9b77, type: 3}
      propertyPath: m_LocalRotation.x
      value: -0
      objectReference: {fileID: 0}
    - target: {fileID: 2618702736926321972, guid: 0ae7f9c43da55f341a2e1e8d74af9b77, type: 3}
      propertyPath: m_LocalRotation.y
      value: -0
      objectReference: {fileID: 0}
    - target: {fileID: 2618702736926321972, guid: 0ae7f9c43da55f341a2e1e8d74af9b77, type: 3}
      propertyPath: m_LocalRotation.z
      value: -0
      objectReference: {fileID: 0}
    - target: {fileID: 2618702736926321972, guid: 0ae7f9c43da55f341a2e1e8d74af9b77, type: 3}
      propertyPath: m_LocalEulerAnglesHint.x
      value: 0
      objectReference: {fileID: 0}
    - target: {fileID: 2618702736926321972, guid: 0ae7f9c43da55f341a2e1e8d74af9b77, type: 3}
      propertyPath: m_LocalEulerAnglesHint.y
      value: 0
      objectReference: {fileID: 0}
    - target: {fileID: 2618702736926321972, guid: 0ae7f9c43da55f341a2e1e8d74af9b77, type: 3}
      propertyPath: m_LocalEulerAnglesHint.z
      value: 0
      objectReference: {fileID: 0}
    m_RemovedComponents: []
  m_SourcePrefab: {fileID: 100100000, guid: 0ae7f9c43da55f341a2e1e8d74af9b77, type: 3}
--- !u!4 &1199701806355902190 stripped
Transform:
  m_CorrespondingSourceObject: {fileID: 2618702736926321972, guid: 0ae7f9c43da55f341a2e1e8d74af9b77, type: 3}
  m_PrefabInstance: {fileID: 3815026261456765914}
  m_PrefabAsset: {fileID: 0}
